@article{Reinhard:1995,
	author = {Reinhard Braunsting, Pedro Sanz, Jose Manuel Ezkerra},
	journal = {International Conference on Advanced Robotics},
	title = {{Fuzzy Logic Wall Following of a Mobile Robot Based on the Concept of General Perception}},
}

