@article{Lillicrap:2016,
	author = {Lillicrap et al.},
	journal = {International Conference on Learning Representations, 2016},
	title = {{Continuous Control with Deep Reinforcement Learning}},
}

@article{Silver:2014,
    author = {David Silver, Guy Lever, Nicolas Heess, Thomas Degris, Daan Wiestra, Martin Riedmiller},
    journal = {International Conference on Machine Learning, 2014},
    title = {{Deterministic Policy Gradient Algorithms}},
}

@article{DDPG,
  title = {{Deep Deterministic Policy Gradients in TensorFlow}},
  author = {Patrick Emami},
  howpublished = {\url{http://pemami4911.github.io/blog/2016/08/21/ddpg-rl.html}},
  note = {Accessed: 2017-06-16},
}
